@book{Building_Microservices,
  author    = {Sam Newman},
  title     = {Building Microservices},
  year      = {2015},
  publisher = {O'Reilly Media},
  isbn      = {978-1491950357}
}

@book{.NET_Microservices,
  author = {Cesar de la Torre, Bill Wagner, Mike Rousos},
  title = {.NET Microservices: Architecture for Containerized .NET Applications},
  publisher = {Microsoft Developer Division},
  year = {2023}
}

@mastersthesis{Thesis_microservices,
  author = {Francesco Dente},
  school = {Università di Bologna, Dipartimento di Informatica - Scienza e Ingegneria},
  title = {DevOps e Software Containers in Architetture a Microservizi},
  year = {2018--2019}
}

@misc{Microsoft_Saga_Pattern,
  author = {Microsoft Azure},
  howpublished = {learn.microsoft.com/it-it/azure/architecture/patterns/saga},
  title = {Modello di transazioni distribuite Saga}
}

@misc{RedHat_Orchestration,
  author = {Red Hat},
  howpublished = {\url{https://www.redhat.com/it/topics/containers/what-is-container-orchestration}},
  title = {Cos'è l'orchestrazione dei container?},
  year = {2022}
}

[1] Newman, S. (2021). Building Microservices: Designing Fine-Grained Systems. O'Reilly Media.
[2] Microsoft Docs. (2025). SignalR per ASP.NET Core. [https://learn.microsoft.com/en-us/aspnet/core/signalr/]
[3] Ranjan, J. (2009). “Business Intelligence: Concepts, Components, Techniques and Benefits.” Journal of Theoretical and Applied Information Technology, 9(1).
[4] Cabibbo, L. (2021). Architettura del Software: Strutture e Qualità. Edizioni Efesto.
[5] Tableau Software. (2024). BI Platform Capabilities. [https://www.tableau.com]
[6] Microsoft. (2025). Microservizi .NET: Architettura per applicazioni .NET in contenitori. [https://learn.microsoft.com]
[7] Microsoft Docs. (2025). ASP.NET Core Overview. [https://learn.microsoft.com/en-us/aspnet/core/]
[8] Microsoft Docs. (2025). SignalR per ASP.NET Core. [https://learn.microsoft.com/en-us/aspnet/core/signalr/]
[9] GitHub – Ocelot API Gateway. (2025). Microservice Routing and Aggregation. [https://github.com/ThreeMammals/Ocelot]

[10] Newman, S. (2021). Building Microservices: Designing Fine-Grained Systems. O'Reilly Media.
[11] Monk, E., & Wagner, B. (2012). Concepts in Enterprise Resource Planning. Cengage Learning.
[12] Ranjan, J. (2009). “Business Intelligence: Concepts, Components, Techniques and Benefits.” Journal of Theoretical and Applied Information Technology, 9(1).
[13] Metabase Documentation. (2024). Open Source Business Intelligence. [https://www.metabase.com/docs]
[14] Microsoft. (2023). eShopOnContainers Architecture Guide. [https://learn.microsoft.com/en-us/dotnet/architecture/microservices/]
[15] GitHub – Ocelot API Gateway. (2025). Microservice Routing and Aggregation. [https://github.com/ThreeMammals/Ocelot]

[1] Amazon AWS. Cos’`e l’integrazione continua? https://aws.amazon.com/
it/devops/continuous-integration/.
[2] Len Bass, Ingo Weber, and Liming Zhu. DevOps, A Software Architect’s
Perspective. Pearson, 2015.
[3] Martin Fowler. Bounded context, 2014. https://martinfowler.com/
bliki/BoundedContext.html.
[4] Docker Inc. Docker overview. https://docs.docker.com/engine/
docker-overview/.
[5] Microsoft. Communication in a microservice architecture, 2018.
https://docs.microsoft.com/it-it/dotnet/architecture/
microservices/architect-microservice-container-applications/
communication-in-microservice-architecture.
[6] Microsoft. Containerized docker application lifecycle with the microsoft
platform and tools, 2019. https://docs.microsoft.com/it-it/dotnet/
architecture/containerized-lifecycle/index.
[7] Sam Newman. Principles of microservices, 2015. https://www.youtube.
com/watch?v=PFQnNFe27kU&t=2480s.

[8] Alessandro Ricci, Angelo Croatti, and Sara Montagna. A personal medi-
cal digital assistant agent for supporting human operators in emergency

scenarios.
[9] Chris Richardson. Microservices + events + docker = a perfect trio, 2016.
https://www.youtube.com/watch?v=sSm2dRarhPo.